@inproceedings{di2006automatic,
  title={Automatic Deployment of Semantic Wikis: a Prototype.},
  author={Di Iorio, Angelo and Fabbri, Marco and Presutti, Valentina and Vitali, Fabio},
  booktitle={SemWiki},
  year={2006}
}
@article{kiniti2013wikis,
  title={Wikis as knowledge management systems: issues and challenges},
  author={Kiniti, Sarah and Standing, Craig},
  journal={Journal of Systems and Information Technology},
  volume={15},
  number={2},
  pages={189--201},
  year={2013},
  publisher={Emerald Group Publishing Limited}
}
@misc{protege,
  title = "Protégé",
  howpublished = {\url{https://protege.stanford.edu/}},
  note = "[Online; accessed 7-August-2018]"
}
@misc{smw,
  title = "Semantic MediaWiki",
  howpublished = {\url{https://www.semantic-mediawiki.org/wiki/Semantic_MediaWiki}},
  note = "[Online; accessed 7-August-2018]"
}
@misc{ wikipediasemantic,
  author = "{Wikipedia contributors}",
  title = "Semantic wiki --- {Wikipedia}{,} The Free Encyclopedia",
  year = "2018",
  url = "https://en.wikipedia.org/w/index.php?title=Semantic_wiki&oldid=840595498",
  note = "[Online; accessed 7-August-2018]"
}